<?xml version="1.0" encoding="UTF-8"?><record xmlns="http://www.loc.gov/MARC21/slim" xmlns:cinclude="http://apache.org/cocoon/include/1.0" xmlns:zs="http://www.loc.gov/zing/srw/">
  <leader>00466nz  a2200133n  4500</leader>
  <controlfield tag="001">n  96060434 </controlfield>
  <controlfield tag="003">DLC</controlfield>
  <controlfield tag="005">19960619145650.3</controlfield>
  <controlfield tag="008">960619n| acannaab|          |a aaa |||  </controlfield>
  <datafield tag="010" ind1=" " ind2=" ">
    <subfield code="a">n  96060434 </subfield>
  </datafield>
  <datafield tag="040" ind1=" " ind2=" ">
    <subfield code="a">DLC</subfield>
    <subfield code="c">DLC</subfield>
  </datafield>
  <datafield tag="100" ind1="1" ind2="0">
    <subfield code="a">Bobrova, L. V.</subfield>
    <subfield code="q">(Li︠u︡dmila Vasilʹevna)</subfield>
  </datafield>
  <datafield tag="400" ind1="1" ind2="0">
    <subfield code="a">Bobrova, Li︠u︡dmila Vasilʹevna</subfield>
  </datafield>
  <datafield tag="670" ind1=" " ind2=" ">
    <subfield code="a">Ėkonomika geologorazvedochnykh rabot na rtutʹ surʹmu ... 1990:</subfield>
    <subfield code="b">t.p. (L.V. Bobrova) colophon (Bobrova Li︠u︡dmila Vasilʹevna)</subfield>
  </datafield>
</record>